@ARTICLE{ref:VITORINO,
  author        = {General Vitorino and Coronel Cabrita},
  title         = {{Estrutura Avançada para Realizar Coisas Complicadas}},
  journal       = {Industrial \& Engineering Chemistry Research},
  year          = {2002},
  month         = {May},
  volume        = {41},
  number        = {11},
  pages         = {2679-2688}
}

@MASTERSTHESIS{ref:RIBEIRO,
  author    = {Enio Roberto Ribeiro},
  title     = {{Filtros Ativos S{\'e}rie Para a Compensa{\c c}{\~a}o de Harm{\^o}nicas de Tens{\~a}o}},
  school    = {Universidade Federal de Santa Catarina},
  year      = {2003}
}

@PHDTHESIS{ref:VELOSO,
  author    = {Caetano Veloso},
  title     = {{Influência da Música Contemporânea na Propagação de Ondas Eletromagnéticas}},
  school    = {University of Illinois at Urbana-Champaign},
  year      = {2008}
}

@BOOK{ref:DURGANTE,
  author    = {Marcelo Durgante},
  title     = {{Desenvolvimento de Exemplos Interessantes para Aulas de Latex}},
  publisher = {LTC},
  year      = {2008},
  address   = {Rio de Janeiro},
  edition   = {third}
}
